<?xml version="1.0" encoding="UTF-8"?><collection xmlns="http://www.loc.gov/MARC21/slim"><record><leader>00348nam--2200133-i-4500</leader><controlfield tag="001">000045908</controlfield><controlfield tag="002">20161230</controlfield><controlfield tag="005">20161230201045</controlfield><controlfield tag="008">060222s1000------------r-----000-0-eng-d</controlfield><datafield ind1=" " ind2=" " tag="080"><subfield code="a">016:546.11.02.2</subfield></datafield><datafield ind1=" " ind2=" " tag="100"><subfield code="a">Vasaru,Gh</subfield></datafield><datafield ind1=" " ind2=" " tag="245"><subfield code="a">Deuterium and heavy water. a selected bibliography</subfield></datafield><datafield ind1=" " ind2=" " tag="260"><subfield code="a">Cluj, /F.Editura/, 1970. Vii + 687</subfield></datafield><datafield ind1=" " ind2=" " tag="852"><subfield code="a">D.1256</subfield></datafield></record></collection>